<?xml version="1.0" encoding="UTF-8"?><collection xmlns="http://www.loc.gov/MARC21/slim"><record><leader>00431nam--2200145-i-4500</leader><controlfield tag="001">000017396</controlfield><controlfield tag="002">20161230</controlfield><controlfield tag="005">20161230201032</controlfield><controlfield tag="008">060222s1000------------r-----000-0-eng-d</controlfield><datafield ind1=" " ind2=" " tag="080"><subfield code="a">538.971:543.54(061.3)</subfield></datafield><datafield ind1=" " ind2=" " tag="245"><subfield code="a">Adsorbtion on ordered surfaces of ionic solids and thin films</subfield></datafield><datafield ind1=" " ind2=" " tag="260"><subfield code="a">Berlin, Springer Verlag, 1993. X + 291 P</subfield></datafield><datafield ind1=" " ind2=" " tag="490"><subfield code="a">Springer Series In Surface Sciences</subfield></datafield><datafield ind1=" " ind2=" " tag="700"><subfield code="a">Freund, H.J. /S.A.</subfield></datafield><datafield ind1=" " ind2=" " tag="852"><subfield code="a">80314</subfield></datafield></record></collection>